<record><leader>00000cas a2200000 a 4500</leader><controlfield tag="001">25575393</controlfield><controlfield tag="008">920402d1850185uiluwr ne      0   a0eng c</controlfield><datafield ind1=" " ind2=" " tag="010"><subfield code="a">sn 92053825 </subfield></datafield><datafield ind1=" " ind2=" " tag="040"><subfield code="a">NVF</subfield><subfield code="b">eng</subfield><subfield code="c">NVF</subfield><subfield code="d">OCL</subfield><subfield code="d">NVF</subfield><subfield code="d">OCLCQ</subfield><subfield code="d">NVF</subfield><subfield code="d">OCLCF</subfield><subfield code="d">OCLCO</subfield></datafield><datafield ind1="1" ind2=" " tag="029"><subfield code="a">AU@</subfield><subfield code="b">000020228775</subfield></datafield><datafield ind1=" " ind2=" " tag="042"><subfield code="a">pcc</subfield></datafield><datafield ind1=" " ind2=" " tag="043"><subfield code="a">n-us-il</subfield></datafield><datafield ind1="0" ind2=" " tag="130"><subfield code="a">Chester herald (Chester, Ill.)</subfield></datafield><datafield ind1="1" ind2="4" tag="245"><subfield code="a">The Chester herald.</subfield></datafield><datafield ind1=" " ind2=" " tag="260"><subfield code="a">Chester, Randolph County, Ill. :</subfield><subfield code="b">Hanna &amp; Whitehurst</subfield></datafield><datafield ind1=" " ind2=" " tag="300"><subfield code="a">v.</subfield></datafield><datafield ind1=" " ind2=" " tag="310"><subfield code="a">Weekly</subfield></datafield><datafield ind1="1" ind2=" " tag="362"><subfield code="a">Began in 1850.</subfield></datafield><datafield ind1=" " ind2=" " tag="580"><subfield code="a">Merged with: Sparta press, to form: Herald and press.</subfield></datafield><datafield ind1=" " ind2=" " tag="588"><subfield code="a">Description based on: Vol. 2, no. 8 (May 4, 1850).</subfield></datafield><datafield ind1=" " ind2=" " tag="588"><subfield code="a">Latest issue consulted: Aug. 14, 1856.</subfield></datafield><datafield ind1=" " ind2="0" tag="651"><subfield code="a">Chester (Ill.)</subfield><subfield code="v">Newspapers.</subfield></datafield><datafield ind1=" " ind2="7" tag="655"><subfield code="a">Newspapers.</subfield><subfield code="2">fast</subfield><subfield code="0">(OCoLC)fst01423814</subfield></datafield><datafield ind1=" " ind2="7" tag="651"><subfield code="a">Illinois</subfield><subfield code="z">Chester.</subfield><subfield code="2">fast</subfield><subfield code="0">(OCoLC)fst01206451</subfield></datafield><datafield ind1=" " ind2=" " tag="752"><subfield code="a">United States</subfield><subfield code="b">Illinois</subfield><subfield code="c">Randolph</subfield><subfield code="d">Chester.</subfield></datafield><datafield ind1="0" ind2="0" tag="780"><subfield code="t">Chester herald and commercial advertiser</subfield><subfield code="w">(DLC)sn 92053824</subfield><subfield code="w">(OCoLC)25575331</subfield></datafield><datafield ind1="0" ind2="5" tag="780"><subfield code="t">Chester reveille</subfield><subfield code="w">(DLC)sn 92053823</subfield><subfield code="w">(OCoLC)25575284</subfield></datafield><datafield ind1="1" ind2="7" tag="785"><subfield code="t">Sparta press</subfield></datafield><datafield ind1="1" ind2="7" tag="785"><subfield code="t">Herald and press</subfield><subfield code="w">(DLC)sn 92053826</subfield><subfield code="w">(OCoLC)25575435</subfield></datafield></record>